@software{BCDB,
  author = {Rebello, Arora, Mochigase, Lin, Audus, Olsen},
  doi = {10.5281/zenodo.4780586},
  month = {5},
  title = {{Block Copolymer Phase Behavior Database (BCDB)}},
  URL = {https://github.com/olsenlabmit/BCDB},
  version = {1.0.3},
  year = {2021}
}

@article{RandForest,
author = {Arora, Akash and Lin, Tzyy-Shyang and Rebello, Nathan J. and Av-Ron, Sarah H. M. and Mochigase, Hidenobu and Olsen, Bradley D.},
title = {Random Forest Predictor for Diblock Copolymer Phase Behavior},
journal = {ACS Macro Letters},
volume = {10},
number = {11},
pages = {1339-1345},
year = {2021},
doi = {10.1021/acsmacrolett.1c00521},
    note ={PMID: 35549019},

URL = { 
        https://doi.org/10.1021/acsmacrolett.1c00521
    
},
eprint = { 
        https://doi.org/10.1021/acsmacrolett.1c00521
    
}

}

@article{BigSMILES,
author = {Lin, Tzyy-Shyang and Coley, Connor W. and Mochigase, Hidenobu and Beech, Haley K. and Wang, Wencong and Wang, Zi and Woods, Eliot and Craig, Stephen L. and Johnson, Jeremiah A. and Kalow, Julia A. and Jensen, Klavs F. and Olsen, Bradley D.},
title = {BigSMILES: A Structurally-Based Line Notation for Describing Macromolecules},
journal = {ACS Central Science},
volume = {5},
number = {9},
pages = {1523-1531},
year = {2019},
doi = {10.1021/acscentsci.9b00476},
    note ={PMID: 31572779},

URL = { 
        https://doi.org/10.1021/acscentsci.9b00476
    
},
eprint = { 
        https://doi.org/10.1021/acscentsci.9b00476
    
}

}